@misc{web:barrelfish,
title = {Barrelfish},
note = {http://www.barrelfish.org/}
}
@misc {web:doxygen,
title = {Doxygen},
note = {www.doxygen.org/}
}

@misc {web:picocom,
title = {Picocom},
note = {code.google.com/p/picocom/}
}
